% This file was created with JabRef 2.10b2.
% Encoding: UTF-8


@Article{bronnum2007increasing,
  Title                    = {Increasing social inequality in life expectancy in Denmark},
  Author                   = {Br{\o}nnum-Hansen, Henrik and Baadsgaard, Mikkel},
  Journal                  = {European Journal of Public Health},
  Year                     = {2007},
  Number                   = {6},
  Pages                    = {585--586},
  Volume                   = {17},

  Publisher                = {Oxford University Press}
}

@Article{van2014lifespan,
  Title                    = {Lifespan variation by occupational class: compression or stagnation over time?},
  Author                   = {van Raalte, Alyson A and Martikainen, Pekka and Myrskyl{\"a}, Mikko},
  Journal                  = {Demography},
  Year                     = {2014},
  Number                   = {1},
  Pages                    = {73--95},
  Volume                   = {51},

  Publisher                = {Springer}
}

@Article{sasson2016trends,
  Title                    = {Trends in life expectancy and lifespan variation by educational attainment: United States, 1990--2010},
  Author                   = {Sasson, Isaac},
  Journal                  = {Demography},
  Year                     = {2016},
  Number                   = {2},
  Pages                    = {269--293},
  Volume                   = {53},

  Publisher                = {Springer}
}

@Article{vaupel2011life,
  Title                    = {Life expectancy and disparity: an international comparison of life table data},
  Author                   = {Vaupel, James W and Zhang, Zhen and van Raalte, Alyson A},
  Journal                  = {BMJ open},
  Year                     = {2011},
  Number                   = {1},
  Pages                    = {e000128},
  Volume                   = {1},

  Publisher                = {British Medical Journal Publishing Group}
}

